<?xml version="1.0" encoding="UTF-8"?><collection xmlns="http://www.loc.gov/MARC21/slim"><record><leader>00665nam--2200193-i-4500</leader><controlfield tag="001">000036411</controlfield><controlfield tag="002">20161230</controlfield><controlfield tag="005">20161230201040</controlfield><controlfield tag="008">060222s1000------------r-----000-0-eng-d</controlfield><datafield ind1=" " ind2=" " tag="020"><subfield code="a">997197844X</subfield></datafield><datafield ind1=" " ind2=" " tag="040"><subfield code="a">IFIN-HH</subfield></datafield><datafield ind1=" " ind2=" " tag="080"><subfield code="a">539.124.6(061.3)</subfield></datafield><datafield ind1="1" ind2=" " tag="100"><subfield code="a">Mills, Jr., Allen P</subfield></datafield><datafield ind1="1" ind2="0" tag="245"><subfield code="a">Positron studies of solids, surfaces, and atoms</subfield><subfield code="b">A symposium to celebrate stephan berko's 60th birthday brandeis university, december 12, 1984</subfield><subfield code="c">Allen p. mills, jr., william s. crane, karl f. canter (eds.)</subfield></datafield><datafield ind1=" " ind2=" " tag="260"><subfield code="a">Singapore</subfield><subfield code="b">World Scientific</subfield><subfield code="c">1986</subfield></datafield><datafield ind1=" " ind2=" " tag="300"><subfield code="a">XIV + 335P</subfield></datafield><datafield ind1="1" ind2=" " tag="700"><subfield code="a">Canter, Karl F</subfield></datafield><datafield ind1=" " ind2=" " tag="852"><subfield code="a">79092</subfield><subfield code="c">539.2</subfield></datafield><datafield ind1=" " ind2=" " tag="CAT"><subfield code="a">Sys</subfield><subfield code="c">20121203</subfield><subfield code="h">131238</subfield></datafield></record></collection>